@INPROCEEDINGS{Giles98citeseer,
    author = {C. Lee Giles and Kurt D. Bollacker and Steve Lawrence},
    title = {Citeseer: an automatic citation indexing system},
    booktitle = {International Conference on Digital Libraries},
    year = {1998},
    pages = {89--98},
    publisher = {ACM Press}
}