
@article{Sh:26,
author = {Shelah, Saharon},
ams-subject = {(04A20)},
journal = {Israel Journal of Mathematics},
review = {MR 48:5864},
pages = {262--277},
title = {Notes on combinatorial set theory},
volume = {14},
year = {1973},
},

@article{MoSh:27,
author = {Moran, Gadi and Shelah, Saharon},
ams-subject = {(90D05)},
journal = {Israel Journal of Mathematics},
review = {MR 47:10084},
pages = {442--449},
title = {Size direction games over the real line. III},
volume = {14},
year = {1973},
},

@article{Sh:28,
author = {Shelah, Saharon},
ams-subject = {(02B15)},
journal = {Israel Journal of Mathematics},
review = {MR 49:20},
pages = {282--300},
title = {There are just four second-order quantifiers},
volume = {15},
year = {1973},
},

@article{Sh:29,
author = {Shelah, Saharon},
ams-subject = {(05A05)},
journal = {Journal of Combinatorial Theory. Ser. A},
review = {MR 48:10824},
pages = {199--208},
title = {A substitute for Hall's theorem for families with infinite
 sets},
volume = {16},
year = {1974},
},

@incollection{MzSh:30,
author = {McKenzie, Ralph and Shelah, Saharon},
booktitle = {Proceedings of the Tarski Symposium (Univ. California,
 	Berkeley, Calif., 1971)},
ams-subject = {(02H15)},
review = {MR 50:12711},
pages = {53--74},
publisher = {Amer. Math. Soc., Providence, R.I},
series = {Proc. Sympos. Pure Math.},
title = {The cardinals of simple models for universal theories},
volume = {XXV},
year = {1974},
},

@incollection{Sh:31,
author = {Shelah, Saharon},
booktitle = {Proceedings of the Tarski Symposium (Univ. of California,
 Berkeley, Calif., 1971)},
ams-subject = {(02G20)},
review = {MR 51:10074},
pages = {187--203},
publisher = {Amer. Math. Soc., Providence, R.I},
series = {Proc. Sympos. Pure Math.},
title = {Categoricity of uncountable theories},
volume = {XXV},
year = {1974},
},

@incollection{EHSh:32,
author = {Erdos, Paul and Hajnal, Andras and Shelah, Saharon},
trueauthor = {Erd\H{o}s, Paul and Hajnal, Andras and Shelah, Saharon},
booktitle = {Topics in topology (Proc. Colloq., Keszthely, 1972)},
ams-subject = {(05C15)},
review = {MR 50:9662},
pages = {243--255},
publisher = {North-Holland, Amsterdam},
series = {Colloq. Math. Soc. Janos Bolyai},
title = {On some general properties of chromatic numbers},
volume = {8},
year = {1974},
},

@article{Sh:33,
author = {Shelah, Saharon},
ams-subject = {(02H05)},
journal = {Pacific Journal of Mathematics},
review = {MR 51:132},
pages = {163--168},
title = {The Hanf number of omitting complete types},
volume = {50},
year = {1974},
},

@article{Sh:34,
author = {Shelah, Saharon},
ams-subject = {(02B25)},
journal = {Journal of Symbolic Logic},
review = {MR 51:5263},
pages = {399--404},
title = {Weak definability in infinitary languages},
volume = {38},
year = {1973},
},

@article{MlSh:35,
author = {Milner, Eric C. and Shelah, Saharon},
ams-subject = {(04A20)},
journal = {Canadian Journal of Mathematics. Journal Canadien de
 Mathematiques},
review = {MR 51:10107},
pages = {948--961},
title = {Sufficiency conditions for the existence of transversals},
volume = {26},
year = {1974},
},

@article{Sh:36,
author = {Shelah, Saharon},
ams-subject = {(54A25)},
journal = {General Topology and Applications},
review = {MR 58:2674},
pages = {251--259},
title = {Remarks on cardinal invariants in topology},
volume = {7},
year = {1977},
},

@article{Sh:37,
author = {Shelah, Saharon},
ams-subject = {(02H05)},
journal = {Proceedings of the American Mathematical Society},
review = {MR 50:9573},
pages = {207--213},
title = {A two-cardinal theorem},
volume = {48},
year = {1975},
},

@incollection{Sh:38,
author = {Shelah, Saharon},
booktitle = {Infinite and finite sets (Colloq., Keszthely, 1973;
 dedicated to P. Erd\H{o}s on his 60th birthday)},
ams-subject = {(05C35)},
review = {MR 51:7944},
pages = {1241--1256},
publisher = {North-Holland, Amsterdam},
series = {Colloq. Math. Soc. Janos Bolyai},
title = {Graphs with prescribed asymmetry and minimal number of edges},
volume = {10 (III)},
year = {1975},
},

@article{Sh:39,
author = {Shelah, Saharon},
ams-subject = {(02H15)},
journal = {Israel Journal of Mathematics},
review = {MR 49:8856},
pages = {314--328},
title = {Differentially closed fields},
volume = {16},
year = {1973},
},

@incollection{Sh:40,
author = {Shelah, Saharon},
booktitle = {Infinite and finite sets (Colloq., Keszthely, 1973;
 dedicated to P. Erd\H{o}s on his 60th birthday)},
ams-subject = {(04A20)},
review = {MR 53:10584},
pages = {1257--1276},
publisher = {North-Holland, Amsterdam},
series = {Colloq. Math. Soc. Janos Bolyai},
title = {Notes on partition calculus},
volume = {10 (III)},
year = {1975},
},

@incollection{MlSh:41,
author = {Milner, Eric C. and Shelah, Saharon},
booktitle = {Infinite and finite sets (Colloq., Keszthely, 1973;
 dedicated to P. Erd\H{o}s on his 60th birthday)},
ams-subject = {(04A20)},
review = {MR 51:12534},
pages = {1115--1126},
publisher = {North Holland, Amsterdam},
series = {Colloq. Math. Soc. Janos Bolyai},
title = {Some theorems on transversals},
volume = {10 (III)},
year = {1975},
},

@article{Sh:42,
author = {Shelah, Saharon},
ams-subject = {(02G05)},
journal = {Annals of Mathematics},
review = {MR 58:10390},
pages = {379--419},
title = {The monadic theory of order},
volume = {102},
year = {1975},
},

