@article{Spam1book,
author={C{\"u}neyd Tantu{\u g} and G{\"u}l{\c s}en Eryi{\u g}it},
title=ASCT,
year={2006},
series={Springer Advances in Soft Computing},
url={http://www.springerlink.com/content/g823660323r53r3n/?p=757507500547465cab42df6411d809ad&pi=0},
editor={Ajith Abraham and Bernard de Baet and Mario KÃ¶ppen and Bertram Nickolay},
pages={495--504}
}

@string{ASCT = "Performance Analysis of Bayes Classification, Support Vector Machines"}