@inproceedings{gecco05,
author={{\c S}ima Uyar and G{\"u}l{\c s}en Eryi{\u g}it},
title={Improvements to Penalty-Based},
booktitle={Proceedings of the Genetic and Evolutionary Computation Conference (GECCO)},
year={2005},
month={22-29 June},
pages={1257-1264},
address={Washington, DC}
}


@inproceedings{iasted05,
author={G{\"u}l{\c s}en Eryi{\u g}it and C{\"u}neyd Tantu{\u g}},
title={Na{\"i}ve Bayes Techniques},
booktitle={Proceedings of the International Conference on Artificial Intelligence and Applications},
year={2005},
month={14-16 February},
pages={457-462},
address={Innsbruck}
}