Normal article reference
@article{maltparser,
author={Joakim Nivre and Johan Hall and Jens Nilsson and Atanas Chanev and G{\"u}l{\c s}en Eryi{\u g}it and Sandra K{\"u}bler and Stetoslav Marinov and Erwin Marsi},
title={MaltParser: A Language-Independent System for Data-Driven Dependency Parsing},
journal={Natural Language Engineering Journal},
volume=13,
number=2,
pages={99--135},
year={2007}
}