Some random
text
with
{braces}