Incorrect reference

@some_random_text{Nivre_etal06,
author={Joakim Nivre and Johan Hall and Jens Nilsson and G{\"u}l{\c s}en Eryi{\u g}it and Stetoslav Marinov},
title={Labeled Pseudo-Projective Dependency Parsing with Support Vector Machines},
booktitle={Proceedings of the 10th Conference on Computational Natural Language Learning (CoNLL-X)},
year={2006},
month={8-9 June},
pages={221--225},
address={New York, NY}
}